@article{10.1093/bioinformatics/btw354,
    author = {Ewels, Philip and Magnusson},
    title = "{MultiQC: summarize analysis results for multiple tools and samples in a single report}",
    journal = {Bioinformatics},
    volume = {32},
    number = {19},
    pages = {3047-3048},
    year = {2016},
    month = {06},
    issn = {1367-4803},
    doi = {10.1093/bioinformatics/btw354},
    url = {https://doi.org/10.1093/bioinformatics/btw354},
    eprint = {https://academic.oup.com/bioinformatics/article-pdf/32/19/3047/25072524/btw354.pdf},
}



@Article{Eswaran2012,
author={Eswaran, Jeyanthy
and Cyanam, Dinesh
and Mudvari, Prakriti
and Reddy, Sirigiri Divijendra Natha
and Pakala, Suresh B.
and Nair, Sujit S.
and Florea, Liliana
and Fuqua, Suzanne A. W.
and Godbole, Sucheta
and Kumar, Rakesh},
title={Transcriptomic landscape of breast cancers through mRNA sequencing},
journal={Scientific Reports},
year={2012},
month={2},
day={14},
volume={2},
number={1},
pages={264},
issn={2045-2322},
doi={10.1038/srep00264},
url={https://doi.org/10.1038/srep00264}
}


@Article{Kim2015,
author={Kim, Daehwan
and Langmead, Ben
and Salzberg, Steven L.},
title={HISAT: a fast spliced aligner with low memory requirements},
journal={Nature Methods},
year={2015},
month={4},
day={01},
volume={12},
number={4},
pages={357-360},
issn={1548-7105},
doi={10.1038/nmeth.3317},
url={https://doi.org/10.1038/nmeth.3317}
}



@article{10.1093/bioinformatics/btp352,
    author = {Li, Heng and Handsaker, Bob and Wysoker, Alec and Fennell, Tim and Ruan, Jue and Homer, Nils and Marth, Gabor and Abecasis, Goncalo and Durbin, Richard and 1000 Genome Project Data Processing Subgroup},
    title = "{The Sequence Alignment/Map format and SAMtools}",
    journal = {Bioinformatics},
    volume = {25},
    number = {16},
    pages = {2078-2079},
    year = {2009},
    month = {06},
    issn = {1367-4803},
    doi = {10.1093/bioinformatics/btp352},
    url = {https://doi.org/10.1093/bioinformatics/btp352},
    eprint = {https://academic.oup.com/bioinformatics/article-pdf/25/16/2078/531810/btp352.pdf},
}



@article{10.1093/bioinformatics/btt656,
    author = {Liao, Yang and Smyth, Gordon K. and Shi, Wei},
    title = "{featureCounts: an efficient general purpose program for assigning sequence reads to genomic features}",
    journal = {Bioinformatics},
    volume = {30},
    number = {7},
    pages = {923-930},
    year = {2013},
    month = {11},
   
    issn = {1367-4803},
    doi = {10.1093/bioinformatics/btt656},
    url = {https://doi.org/10.1093/bioinformatics/btt656},
    eprint = {https://academic.oup.com/bioinformatics/article-pdf/30/7/923/633148/btt656.pdf},
}



@misc{org.Hs.eg.db,
  author = {Marc Carlson},
  title = {org.Hs.eg.db: Genome wide annotation for Human. R package version 3.8.2.},
  year = {2019},
  url = {https://bioconductor.org/packages/release/data/annotation/html/org.Hs.eg.db.html}
}

@misc{FastQC,
  author = {Simon Andrews},
  title = {FASTQC. A quality control tool for high throughput sequence
data},
  url = {https://www.bioinformatics.babraham.ac.uk/projects/fastqc/}
}

@misc{R,
  title = {R Core Team. R: A Language and Environment for Statistical Comput-
ing. R Foundation for Statistical Computing},
publisher = { Vienna, Austria},
 year = {2021},
  url = {https://www.bioinformatics.babraham.ac.uk/projects/fastqc/}
}

@misc{enrichplot,
  author = {Guangchuang Yu},
  title = {enrichplot: Visualization of Functional Enrichment Re-
sult.},
year = {2021},
  url = {https://yulab-smu.top/biomedical-knowledge-mining-book/}
}



@Article{Love2014,
author={Love, Michael I.
and Huber, Wolfgang
and Anders, Simon},
title={Moderated estimation of fold change and dispersion for RNA-seq data with DESeq2},
journal={Genome Biology},
year={2014},
month={12},
day={05},
volume={15},
number={12},
pages={550},
issn={1474-760X},
doi={10.1186/s13059-014-0550-8},
url={https://doi.org/10.1186/s13059-014-0550-8}
}

@article{WU2021100141,
title = {clusterProfiler 4.0: A universal enrichment tool for interpreting omics data},
journal = {The Innovation},
volume = {2},
number = {3},
pages = {100141},
year = {2021},
issn = {2666-6758},
doi = {https://doi.org/10.1016/j.xinn.2021.100141},
url = {https://www.sciencedirect.com/science/article/pii/S2666675821000667},
author = {Tianzhi Wu and Erqiang Hu and Shuangbin Xu and Meijun Chen and Pingfan Guo and Zehan Dai and Tingze Feng and Lang Zhou and Wenli Tang and Li Zhan and Xiaocong Fu and Shanshan Liu and Xiaochen Bo and Guangchuang Yu},
keywords = {clusterProfiler, biological knowledge mining, functional analysis, enrichment analysis, visualization}
}